../en/99book.bib